<?xml version="1.0" encoding="UTF-8"?>
<marc:record xmlns:marc="http://www.loc.gov/MARC21/slim" xmlns:xsi="http://www.w3.org/2001/XMLSchema-instance" xsi:schemaLocation="http://www.loc.gov/standards/marcxml/schema/MARC21slim.xsd">
  <marc:controlfield tag="001">pe30040593</marc:controlfield>
  <marc:controlfield tag="003">DE-633</marc:controlfield>
  <marc:controlfield tag="005">20210325090658.0</marc:controlfield>
  <marc:controlfield tag="008">161109n|||||||a||| a</marc:controlfield>
  <marc:datafield tag="024" ind1="7" ind2=" ">
    <marc:subfield code="a">165374196</marc:subfield>
    <marc:subfield code="2">VIAF</marc:subfield>
  </marc:datafield>
  <marc:datafield tag="042" ind1=" " ind2=" ">
    <marc:subfield code="a">individualized</marc:subfield>
  </marc:datafield>
  <marc:datafield tag="043" ind1=" " ind2=" ">
    <marc:subfield code="c">XA-PL</marc:subfield>
  </marc:datafield>
  <marc:datafield tag="100" ind1="1" ind2=" ">
    <marc:subfield code="a">Studziński, Karol</marc:subfield>
    <marc:subfield code="d">1828-1883</marc:subfield>
    <marc:subfield code="y">24.01.1828-16.03.1883</marc:subfield>
  </marc:datafield>
  <marc:datafield tag="375" ind1=" " ind2=" ">
    <marc:subfield code="a">male</marc:subfield>
  </marc:datafield>
  <marc:datafield tag="500" ind1="1" ind2=" ">
    <marc:subfield code="a">Studziński, Kajetan</marc:subfield>
    <marc:subfield code="i">brother of</marc:subfield>
    <marc:subfield code="0">50043470</marc:subfield>
  </marc:datafield>
  <marc:datafield tag="500" ind1="1" ind2=" ">
    <marc:subfield code="a">Studziński, Wincenty</marc:subfield>
    <marc:subfield code="i">brother of</marc:subfield>
    <marc:subfield code="0">41023091</marc:subfield>
  </marc:datafield>
  <marc:datafield tag="500" ind1="1" ind2=" ">
    <marc:subfield code="a">Studziński, Piotr</marc:subfield>
    <marc:subfield code="i">brother of</marc:subfield>
    <marc:subfield code="0">50044409</marc:subfield>
  </marc:datafield>
  <marc:datafield tag="550" ind1=" " ind2=" ">
    <marc:subfield code="a">Composer</marc:subfield>
  </marc:datafield>
  <marc:datafield tag="550" ind1=" " ind2=" ">
    <marc:subfield code="a">Violinist</marc:subfield>
  </marc:datafield>
  <marc:datafield tag="550" ind1=" " ind2=" ">
    <marc:subfield code="a">Violist</marc:subfield>
  </marc:datafield>
  <marc:datafield tag="670" ind1=" " ind2=" ">
    <marc:subfield code="a">DEUMM/b suppl.</marc:subfield>
    <marc:subfield code="b">Studziński, Karol [24.01.1828-15.03.1883 (16.03.1883)]</marc:subfield>
    <marc:subfield code="w">2957</marc:subfield>
  </marc:datafield>
</marc:record>
